% Encoding: UTF-8

@InProceedings{Fossati2015,
  author        = {Fossati, Thomas and Gurbani, Vijay K. and Kolesnikov, Vladimir},
  title         = {Love All, Trust Few: On Trusting Intermediaries in HTTP},
  booktitle     = {Proceedings of the 2015 ACM SIGCOMM Workshop on Hot Topics in Middleboxes and Network Function Virtualization},
  year          = {2015},
  series        = {HotMiddlebox '15},
  pages         = {1--6},
  address       = {New York, NY, USA},
  publisher     = {ACM},
  __markedentry = {[diego:6]},
  acmid         = {2785990},
  doi           = {10.1145/2785989.2785990},
  isbn          = {978-1-4503-3540-9},
  keywords      = {EFGH, HTTP, HTTPs, TLS, middlebox, trusted proxy},
  location      = {London, United Kingdom},
  numpages      = {6},
  url           = {http://doi.acm.org/10.1145/2785989.2785990},
}

@Comment{jabref-meta: databaseType:bibtex;}
