% Encoding: UTF-8

@InProceedings{Yan2004,
  author        = {Yan, Haijin and Krishnan, Rupa and Watterson, Scott A. and Lowenthal, David K.},
  title         = {Client-centered Energy Savings for Concurrent HTTP Connections},
  booktitle     = {Proceedings of the 14th International Workshop on Network and Operating Systems Support for Digital Audio and Video},
  year          = {2004},
  series        = {NOSSDAV '04},
  pages         = {62--67},
  address       = {New York, NY, USA},
  publisher     = {ACM},
  __markedentry = {[diego:6]},
  acmid         = {1005862},
  doi           = {10.1145/1005847.1005862},
  isbn          = {1-58113-801-6},
  keywords      = {HTTP, TCP, energy},
  location      = {Cork, Ireland},
  numpages      = {6},
  url           = {http://doi.acm.org/10.1145/1005847.1005862},
}

@Comment{jabref-meta: databaseType:bibtex;}
