% Encoding: UTF-8

@InProceedings{Lupon2010,
  author        = {Lupon, Marc and Magklis, Grigorios and Gonzalez, Antonio},
  title         = {A Dynamically Adaptable Hardware Transactional Memory},
  booktitle     = {Proceedings of the 2010 43rd Annual IEEE/ACM International Symposium on Microarchitecture},
  year          = {2010},
  series        = {MICRO '43},
  pages         = {27--38},
  address       = {Washington, DC, USA},
  publisher     = {IEEE Computer Society},
  __markedentry = {[diego:6]},
  acmid         = {1935009},
  doi           = {10.1109/MICRO.2010.23},
  isbn          = {978-0-7695-4299-7},
  keywords      = {Hardware Transactional Memory, Dynamically Adaptable HTM, DynTM},
  numpages      = {12},
  url           = {https://doi.org/10.1109/MICRO.2010.23},
}

@Comment{jabref-meta: databaseType:bibtex;}
